<record><leader>00000cas a22000007a 4500</leader><controlfield tag="001">8148588</controlfield><controlfield tag="008">820211u1881uuuunyuwr ne      0    0eng d</controlfield><datafield ind1=" " ind2=" " tag="010"><subfield code="a">sn 86088604 </subfield></datafield><datafield ind1=" " ind2=" " tag="040"><subfield code="a">NYG</subfield><subfield code="b">eng</subfield><subfield code="c">NYG</subfield><subfield code="d">PPM</subfield><subfield code="d">YOX</subfield><subfield code="d">NVK</subfield><subfield code="d">OCLCQ</subfield><subfield code="d">KRTAS</subfield><subfield code="d">DLC</subfield><subfield code="d">OCLCF</subfield><subfield code="d">HUL</subfield></datafield><datafield ind1=" " ind2=" " tag="042"><subfield code="a">msc</subfield></datafield><datafield ind1=" " ind2=" " tag="043"><subfield code="a">n-us-tx</subfield></datafield><datafield ind1="0" ind2="0" tag="050"><subfield code="a">Newspaper</subfield><subfield code="3">Jan. 6, 1883-May 1, 1886</subfield></datafield><datafield ind1="0" ind2="0" tag="050"><subfield code="a">AP101</subfield><subfield code="b">.T3</subfield></datafield><datafield ind1="0" ind2="0" tag="050"><subfield code="a">Microfilm 85267 AP</subfield></datafield><datafield ind1=" " ind2="4" tag="050"><subfield code="a">AP101</subfield><subfield code="b">.T49</subfield></datafield><datafield ind1=" " ind2=" " tag="092"><subfield code="a">817.49</subfield><subfield code="b">fT35</subfield></datafield><datafield ind1="0" ind2="0" tag="245"><subfield code="a">Texas siftings.</subfield></datafield><datafield ind1=" " ind2=" " tag="260"><subfield code="3">May 9, 1881- :</subfield><subfield code="a">Austin, Tex. :</subfield><subfield code="b">Alex. E. Sweet and J. Armoy Knox,</subfield><subfield code="c">1881-</subfield></datafield><datafield ind1="3" ind2=" " tag="260"><subfield code="3">&lt;Dec. 29, 1888-&gt;:</subfield><subfield code="a">New York :</subfield><subfield code="b">Texas Siftings Pub. Co.</subfield></datafield><datafield ind1=" " ind2=" " tag="300"><subfield code="a">v. :</subfield><subfield code="b">ill. ;</subfield><subfield code="c">63 cm.</subfield></datafield><datafield ind1=" " ind2=" " tag="310"><subfield code="a">Weekly</subfield></datafield><datafield ind1="0" ind2=" " tag="362"><subfield code="a">Vol. 1, no. 1 (May 9, 1881)-</subfield></datafield><datafield ind1=" " ind2=" " tag="500"><subfield code="a">Published in: New York, N.Y., &lt;Oct. 7, 1882&gt;.</subfield></datafield><datafield ind1=" " ind2=" " tag="588"><subfield code="a">Latest issue consulted: Vol. 10, no. 9 (Dec. 29, 1888).</subfield></datafield><datafield ind1=" " ind2="0" tag="650"><subfield code="a">American wit and humor</subfield><subfield code="v">Newspapers.</subfield></datafield><datafield ind1=" " ind2="0" tag="651"><subfield code="a">Austin (Tex.)</subfield><subfield code="v">Newspapers.</subfield></datafield><datafield ind1=" " ind2="7" tag="650"><subfield code="a">American wit and humor.</subfield><subfield code="2">fast</subfield><subfield code="0">(OCoLC)fst00807457</subfield></datafield><datafield ind1=" " ind2="7" tag="651"><subfield code="a">Texas</subfield><subfield code="z">Austin.</subfield><subfield code="2">fast</subfield><subfield code="0">(OCoLC)fst01204313</subfield></datafield><datafield ind1=" " ind2="7" tag="655"><subfield code="a">Newspapers.</subfield><subfield code="2">fast</subfield><subfield code="0">(OCoLC)fst01423814</subfield></datafield><datafield ind1=" " ind2=" " tag="752"><subfield code="a">United States</subfield><subfield code="b">Texas</subfield><subfield code="c">Travis</subfield><subfield code="d">Austin.</subfield></datafield><datafield ind1=" " ind2=" " tag="752"><subfield code="a">United States</subfield><subfield code="b">New York</subfield><subfield code="c">New York</subfield><subfield code="d">New York.</subfield></datafield><datafield ind1="0" ind2="0" tag="780"><subfield code="t">Weekly review (Austin, Tex. : 1879)</subfield><subfield code="w">(DLC)sn 86088230</subfield><subfield code="w">(OCoLC)13895203</subfield></datafield><datafield ind1=" " ind2=" " tag="938"><subfield code="a">Kirtas Technologies, Inc.</subfield><subfield code="b">KRTS</subfield><subfield code="n">735910</subfield></datafield><datafield ind1="1" ind2=" " tag="029"><subfield code="a">AU@</subfield><subfield code="b">000025836091</subfield></datafield></record>